@book{Goodfellow-et-al-2016,
    title={Deep Learning},
    author={Ian Goodfellow and Yoshua Bengio and Aaron Courville},
    publisher={MIT Press},
    note={\url{http://www.deeplearningbook.org}},
    year={2016}
}

@ARTICLE{2016arXiv160605908D,
	author = {{Doersch}, C.},
	title = "{Tutorial on Variational Autoencoders}",
	journal = {ArXiv e-prints},
	archivePrefix = "arXiv",
	eprint = {1606.05908},
	primaryClass = "stat.ML",
	keywords = {Statistics - Machine Learning, Computer Science - Learning},
	year = 2016,
	month = jun,
	adsurl = {http://adsabs.harvard.edu/abs/2016arXiv160605908D},
	adsnote = {Provided by the SAO/NASA Astrophysics Data System}
}